@article{stuxnet, 
author =       "Ralph Langner",
  year =         "2013",
  title =        "To Kill a Centrifuge",
  journal =      "",
  eid =          "",
  volume =       "",
  number =       "",
  month =        "",
  doi =          "",
  url =          "https://www.langner.com/wp-content/uploads/2017/03/to-kill-a-centrifuge.pdf",
  howpublished = "",
  note =         "The paper explains what is Stuxnet and how does it work",
}

@article{flame, 
author =       "Laboratory of Cryptography and System Security",
  year =         "2013",
  title =        "sKyWIper (a.k.a. Flame a.k.a. Flamer): A complex malware for targeted attacks",
  journal =      "",
  eid =          "",
  volume =       "",
  number =       "",
  month =        "",
  doi =          "",
  url =          "https://www.crysys.hu/publications/files/skywiper.pdf",
  howpublished = "",
  note =         "",
}

@article{usbee, 
author =       "Josep Albors",
  year =         " 2016",
  title =        "USBee: how to spy on an isolated system with a USB",
  journal =      "",
  eid =          "",
  volume =       "",
  number =       "",
  month =        "",
  doi =          "",
  url =          "https://www.welivesecurity.com/2016/09/26/usbee-spy-isolated-system-usb/",
  howpublished = "",
  note =         "",
}

@article{stuxnet_father_of_kin_cyb_weapons, 
author =       "Marin Ivezic",
  year =         "2018",
  title =        "Stuxnet: the father of cyber-kinetic weapons",
  url =          "https://www.csoonline.com/article/3250248/stuxnet-the-father-of-cyber-kinetic-weapons.html",
  note =         "",
}

@article{stuxnet_facts_report_nato, 
author =       "NATO Cooperative Cyber Defence Centre of Excellence",
  year =         "2012",
  title =        "Stuxnet Facts Report",
  url =          "https://ccdcoe.org/library/publications/stuxnet-facts-report-a-technical-and-strategic-analysis-2/",
  note =         "",
}

@article{usb_drop_attack, 
author =       "Elie Bursztein",
  year =         "2016",
  title =        "DOES DROPPING USB DRIVES REALLY WORK?",
  url =          "https://www.blackhat.com/docs/us-16/materials/us-16-Bursztein-Does-Dropping-USB-Drives-In-Parking-Lots-And-Other-Places-Really-Work.pdf",
  note =         "",
}

@article{secure_usb_bps, 
author =       "Jewan Bang, Byeongyeong Yoo, Sangjin Lee",
  year =         "2010",
  title =        "Secure USB bypassing tool",
  url =          "https://www.sciencedirect.com/science/article/pii/S1742287610000411",
  note =         "",
}

@article{qemu, 
author =       "",
  year =         "",
  title =        "QEMU - machine emulator and virtualizer",
  url =          "https://wiki.qemu.org/Main_Page",
  note =         "",
}

@article{pyshark, 
author =       "",
  year =         "",
  title =        "PyShark",
  url =          "https://kiminewt.github.io/pyshark/",
  note =         "",
}